@book{estrin2022cloud,
  title={Cloud Security Handbook: Find Out how to Effectively Secure Cloud Environments Using AWS, Azure, and GCP},
  author={Estrin, Eyal},
  year={2022},
  publisher={Packt Publishing}
}
@article{coppolino2017cloud,
  title={Cloud security: Emerging threats and current solutions},
  author={Coppolino, Luigi and Dâ€™Antonio, Salvatore and Mazzeo, Giovanni and Romano, Luigi},
  journal={Computers \& Electrical Engineering},
  volume={59},
  pages={126--140},
  year={2017},
  publisher={Elsevier}
}
@article{ali2015security,
  title={Security in cloud computing: Opportunities and challenges},
  author={Ali, Mazhar and Khan, Samee U and Vasilakos, Athanasios V},
  journal={Information sciences},
  volume={305},
  pages={357--383},
  year={2015},
  publisher={Elsevier}
}
@article{chauhan2023analysis,
  title={An analysis of cloud security frameworks, problems and proposed solutions},
  author={Chauhan, Milan and Shiaeles, Stavros},
  journal={Network},
  volume={3},
  number={3},
  pages={422--450},
  year={2023},
  publisher={MDPI}
}
@article{hussein2016survey,
  title={A survey of cloud computing security challenges and solutions},
  author={Hussein, Nidal Hassan and Khalid, Ahmed},
  journal={International Journal of Computer Science and Information Security},
  volume={14},
  number={1},
  pages={52},
  year={2016},
  publisher={LJS Publishing}
}
@article{ahmad2017cloud,
  title={Cloud Computing--Threats and Challenges},
  author={Ahmad, Ishrat and Bakht, H and Mohan, U},
  journal={Journal of computing and management studies},
  volume={1},
  number={1},
  year={2017}
}
@article{lee2012security,
  title={Security threats in cloud computing environments},
  author={Lee, Kangchan},
  journal={International journal of security and its applications},
  volume={6},
  number={4},
  pages={25--32},
  year={2012},
  publisher={Citeseer}
}
@article{liu2015survey,
  title={A survey of security and privacy challenges in cloud computing: solutions and future directions},
  author={Liu, Yuhong and Sun, Yan Lindsay and Ryoo, Jungwoo and Vasilakos, Athanasios V},
  year={2015},
  publisher={Korean Institute of Information Scientists and Engineers (KIISE)}
}
@article{prasanna2012requirements,
  title={Requirements and challenges for securing cloud applications and services},
  author={Prasanna, M and Neelima, Mrs S and Padmavathi, Mrs M},
  journal={IOSR Journal of Computer Engineering},
  volume={4},
  pages={46--52},
  year={2012},
  publisher={Citeseer}
}
@article{deshmukh2015understanding,
  title={Understanding DDoS attack \& its effect in cloud environment},
  author={Deshmukh, Rashmi V and Devadkar, Kailas K},
  journal={Procedia Computer Science},
  volume={49},
  pages={202--210},
  year={2015},
  publisher={Elsevier}
}
@article{armbrust2010view,
  title={A view of cloud computing},
  author={Armbrust, Michael and Fox, Armando and Griffith, Rean and Joseph, Anthony D and Katz, Randy and Konwinski, Andy and Lee, Gunho and Patterson, David and Rabkin, Ariel and Stoica, Ion and others},
  journal={Communications of the ACM},
  volume={53},
  number={4},
  pages={50--58},
  year={2010},
  publisher={ACM New York, NY, USA}
}
@article{narang2019comparative,
  title={Comparative Analysis of Various Cloud Security Frameworks},
  author={Narang, Ashima and Gupta, Deepali},
  journal={International Journal of Advanced Studies of Scientific Research},
  volume={4},
  number={1},
  year={2019}
}
@inproceedings{tsochev2022cloud,
  title={Cloud computing security requirements: A Review},
  author={Tsochev, GR and Trifonov, RI},
  booktitle={IOP Conference Series: Materials Science and Engineering},
  volume={1216},
  number={1},
  pages={012001},
  year={2022},
  organization={IOP Publishing}
}
@article{subashini2011survey,
  title={A survey on security issues in service delivery models of cloud computing},
  author={Subashini, Subashini and Kavitha, Veeraruna},
  journal={Journal of network and computer applications},
  volume={34},
  number={1},
  pages={1--11},
  year={2011},
  publisher={Elsevier}
}
@inproceedings{illoh2015using,
  title={Using COBIT 5 for risk to develop cloud computing SLA evaluation templates},
  author={Illoh, Onyeka and Aghili, Shaun and Butakov, Sergey},
  booktitle={Service-Oriented Computing-ICSOC 2014 Workshops: WESOA; SeMaPS, RMSOC, KASA, ISC, FOR-MOVES, CCSA and Satellite Events, Paris, France, November 3-6, 2014, Revised Selected Papers},
  pages={236--249},
  year={2015},
  organization={Springer}
}
@article{park2022configuration,
  title={Configuration method Of AWS security architecture that is applicable to the cloud lifecycle for sustainable social network},
  author={Park, Se-Joon and Lee, Yong-Joon and Park, Won-Hyung},
  journal={Security and Communication Networks},
  volume={2022},
  pages={1--12},
  year={2022},
  publisher={Hindawi Limited}
}
@article{kazim2015survey,
  title={A survey on top security threats in cloud computing},
  author={Kazim, Muhammad and Zhu, Shao Ying},
  journal={International Journal of Advanced Computer Science and Applications (IJACSA)},
  year={2015},
  publisher={9305z}
}
@misc{vaquero2008break,
  title={A break in the clouds: towards a cloud definition},
  author={Vaquero, Luis M and Rodero-Merino, Luis and Caceres, Juan and Lindner, Maik},
  journal={ACM sigcomm computer communication review},
  volume={39},
  number={1},
  pages={50--55},
  year={2008},
  publisher={ACM New York, NY, USA}
}
@inproceedings{zhang2010cloud,
  title={Cloud computing research and development trend},
  author={Zhang, Shuai and Zhang, Shufen and Chen, Xuebin and Huo, Xiuzhen},
  booktitle={2010 Second international conference on future networks},
  pages={93--97},
  year={2010},
  organization={Ieee}
}
@article{calheiros2011cloudsim,
  title={CloudSim: a toolkit for modeling and simulation of cloud computing environments and evaluation of resource provisioning algorithms},
  author={Calheiros, Rodrigo N and Ranjan, Rajiv and Beloglazov, Anton and De Rose, C{\'e}sar AF and Buyya, Rajkumar},
  journal={Software: Practice and experience},
  volume={41},
  number={1},
  pages={23--50},
  year={2011},
  publisher={Wiley Online Library}
}
@article{awan2018defensive,
  title={A defensive model to mitigate cyber activities},
  author={Awan, Jawad Hussain and Memon, Shahzad and Memon, Sheeraz and Pathan, Kamran Taj and Arijo, Niaz Hussain},
  journal={Mehran University Research Journal of Engineering \& Technology},
  volume={37},
  number={2},
  pages={359--366},
  year={2018},
  publisher={Mehran University of Engineering \& Technology Jamshoro, Pakistan}
}
@misc{mandala2012cloud,
  title={Cloud Computing Organizational Benefits: A Managerial Concern},
  author={Mandala, Venkata Bhaskar Reddy and Chandra, Marepalli Sharat},
  year={2012}
}

